<?xml version="1.0" encoding="UTF-8"?><collection xmlns="http://www.loc.gov/MARC21/slim"><record><leader>00343nam--2200121-i-4500</leader><controlfield tag="001">000040331</controlfield><controlfield tag="002">20161230</controlfield><controlfield tag="005">20161230201042</controlfield><controlfield tag="008">060222s1000------------r-----000-0-eng-d</controlfield><datafield ind1=" " ind2=" " tag="100"><subfield code="a">Saromiatnicov,I.A</subfield></datafield><datafield ind1=" " ind2=" " tag="245"><subfield code="a">Regimurile de functionare ale motoarelor asincrone</subfield></datafield><datafield ind1=" " ind2=" " tag="260"><subfield code="a">Bucuresti, Ed.Tehnica, 1952. 247 P. + 2 F.Diagr.+ Erata</subfield></datafield><datafield ind1=" " ind2=" " tag="852"><subfield code="a">2576</subfield></datafield></record></collection>